@book{cover91:eit,
    author    = "Cover, T. M. and Thomas, J. A",
    year      = {1991},
    title     = "{{Elements of Information Theory}}",
    publisher = "{{John Wiley \& Sons, Inc.}}"
}

@book{chaitin01:er,
    author  = "Chaitin, G.J",
    year    = {2001},
    title   = "{{Exploring Randomness}}",
    publisher = "{{Springer Verlag}}"
}

@article{falk81:pme,
    author  = "Falk, R.",
    year    = {1981},
    title   = "{{The perception of randomness}}",
    journal = "{{International Conference for the Psychology of Mathematics Education}}",
    volume  = {1},
    pages   = {222-229}
}

@article{freer12:appl,
    author  = "Freer, C. E. and Roy, D. M.",
    year    = {2012},
    title   = "{{Computable de Finetti measures}}",
    journal = "{{Annals of Pure and Applied Logic}}",
    volume  = {163},
    number  = {5},
    pages   = {530-546}
}

@article{goodfellow38:jep,
    author  = "Goodfellow, L. D.",
    year    = {1938},
    title   = "{{A psychological interpretation of the results of the Zenith radio experiments in telepathy}}",
    journal = "{{Journal of Experimental Psychology}}",
    volume  = {23},
    number  = {6},
    pages   = {601-623}
}

@article{goodman08:uai,
    author  = "Goodman, N. D. and Mansignhka, V. and Roy, D. and Bonawitz, K. and Tenenbaum, J.",
    year    = {2008},
    title   = "{{Church: A language for generative models}}",
    journal = "{{Uncertainty in Artificial Intelligence}}"
}

@article{gordon93:rsp,
    author  = "Gordon, N. J. and Salmond, D. J. and Smith, A. F. M.",
    year    = {1938},
    title   = "{{Novel approach to nonlinear/non-Gaussian Bayesian state estimation}}",
    journal = "{{IEE Proceedings F on Radar and Signal Processing}}",
    volume  = {140},
    number  = {2},
    pages   = {107-113}
}

@article{griffiths01:cogsci,
    author  = "Griffiths, T. L. and Tenenbaum, J. B.",
    year    = {2001},
    title   = "{{Randomness and coincidences: Reconciling intuition and probability theory}}",
    journal = "{{Annual Conference of the Cognitive Science Society}}",
    pages   = {370-375}
}

@incollection{Griffiths2004_nips,
    title = {From Algorithmic to Subjective Randomness},
    author = {Thomas L. Griffiths and Joshua B. Tenenbaum},
    booktitle = {Advances in Neural Information Processing Systems},
    year = {2004}
}


@article{hastings70:bio,
    author  = "Hastings, W. K.",
    year    = {1970},
    title   = "{{Monte Carlo Sampling Methods Using Markov Chains and Their Applications}}",
    journal = "{{Biometrika}}",
    volume  = {57},
    number  = {1},
    pages   = {97-109}
}

@article{kac83:as,
    author  = "Kac, M.",
    year    = {1983},
    title   = "{{What is random?}}",
    journal = "{{American Scientist}}",
    volume  = {71},
    pages   = {405-406}
}

@article{kimmig11:tplp,
    author  = "Kimmig, A. and Demoen, B. and De Raedt, L. and Costa, V. S. and Rocha, R.",
    year    = {1989},
    title   = "{{On the implementation of the probabilistic logic programming language ProbLog}}",
    journal = "{{Theory and practice of Logic Programming}}",
    volume  = {11},
    number  = {2-3},
    pages   = {235-262}
}

@article{kiselyov09:dsl,
    author  = "Kiselyov, O. and Shan, C.",
    year    = {2009},
    title   = "{{Embedded probabilistic programming}}",
    journal = "{{Domain-Specific Languages}}",
    pages   = {360-384}
}

@article{jones89:lics,
    author  = "Jones, C. and Plotkin, G.",
    year    = {1989},
    title   = "{{A probabilistic powerdomain of evaluations}}",
    journal = "{{IEEE Symposium on Logic in Computer Science}}"
}

@book{li97:kca,
    author  = "Li, M. and Vitanyi, P.",
    year    = {1997},
    title   = "{{An introduction to Kolmogorov complexity and its applications}}",
    publisher = "{{Springer Verlag}}"
}

@article{liu98:jasm,
    author  = "Liu, J. S. and Chen, R.",
    year    = {1998},
    title   = "{{Sequential Monte Carlo methods for dynamic system}}",
    journal = "{{Journal of the American Statistical Association}}",
    volume  = {93},
    number  = {442},
    pages   = {1032-1044}
}

@article{lopes82:jep,
    author  = "Lopes, L.",
    year    = {1982},
    title   = "{{Doing the impossible: A note on induction and the experience of randomness}}",
    journal = "{{Journal of Experimental Psychology}}",
    volume  = {8},
    pages   = {626-636}
}

@article{maccallum09:nips,
    author  = "McCallum, A. and Schultz, K. and Singh, S.",
    year    = {2009},
    title   = "{{Factorie: Probabilistic programming via imperatively defined factor graphs}}",
    journal = "{{Neural Information Processing Systems Conference (NIPS)}}"
}

@article{machery10:bbs,
    author  = "Machery, E.",
    year    = {2010},
    title   = "{{Precis of Doing without Concepts}}",
    journal = "{{Behavioral and Brain Sciences}}",
    volume  = {33},
    pages   = {195-244}
}


@article{medin78:pr,
    author  = "Medin, D. L. and Schaffer, M. M.",
    year    = {1978},
    title   = "{{Context Theory of Classification Learning}}",
    journal = "{{Psychological Review}}",
    volume  = {85},
    number  = {3},
    pages   = {207-238}
}

@article{metropolis53:jcp,
    author  = "Metropolis, N. and Rosenbluth, A. W. and Rosenbluth, M. N. and Teller, A. H. and Teller, E.",
    year    = {1953},
    title   = "{{Equations of State Calculations by Fast Computing Machines}}",
    journal = "{{Journal of Chemical Physics}}",
    volume  = {21},
    number  = {6},
    pages   = {1087-1092}
}

@article{milch05:ijcai,
    author  = "Milch, B. and Marthi, B. and Russell, S. and Sontag, D. and Ong, D. L. and Kolobov, A.",
    year    = {2005},
    title   = "{{BLOG: Probabilistic models with unknown objects}}",
    journal = "{{International Joint Conference on Artificial Intelligence (IJCAI)}}"
}

@article{myung09:oed,
    author = {Myung, Jay I and Pitt, Mark a},
    journal = {Psychological review},
    number = {3},
    pages = {499--518},
    title = {{Optimal experimental design for model discrimination.}},
    volume = {116},
    year = {2009}
}

@article{pfeffer01:ijcai,
    author  = "Pfeffer, A.",
    year    = {2001},
    title   = "{{IBAL: A probabilistic rational programming language}}",
    journal = "{{International Joint Conference on Artificial Intelligence (IJCAI)}}"
}

@techreport{pfeffer09:tr,
    author  = "Pfeffer, A.",
    year    = {2009},
    title   = "{{Figaro: An object-oriented probabilistic programming language}}"
}

@article{poole08:pilp,
    author  = "Poole, D.",
    year    = {2008},
    title   = "{{The independent choice logic and beyond}}",
    journal = "{{Probabilistic inductive logic programming}}",
    pages   = "{222-243}"
}

@article{richardson06:ml,
    author  = "Richardson, M. and Domingos, P.",
    year    = {2006},
    title   = "{{Markov logic networks}}",
    journal = "{{Machine Learning}}",
    number  = "{62}",
    pages   = "{107-136}"
}

@article{sato97:ijcai,
    author  = "Sato, T. and Kameya, Y.",
    year    = {1997},
    title   = "{{PRISM: A symbolic-statistical modeling language}}",
    journal = "{{International Joint Conference on Artificial Intelligence (IJCAI)}}"
}

@misc{dippl,
  title = {{The Design and Implementation of Probabilistic Programming Languages}},
  author = {Goodman, Noah D and Stuhlm\"{u}ller, Andreas},
  year = {2014},
  howpublished = {\url{http://dippl.org}}
}

@article{Myung2009,
    author = {Myung, Jay I and Pitt, Mark A},
    isbn = {0033-295X 1939-1471},
    issn = {0033-295X},
    journal = {Psychological review},
    number = {3},
    pages = {499--518},
    pmid = {19618983},
    title = {{Optimal experimental design for model discrimination.}},
    volume = {116},
    year = {2009}
}

@article{Chaloner1995,
    author = {Chaloner, Kathryn and Verdinelli, Isabella},
    journal = {Statistical Science},
    number = {3},
    pages = {273--304},
    title = {{Bayesian Experiment Design: A Review}},
    volume = {10},
    year = {1995}
}

@article{Lindley1956,
    author = {Lindley, Dennis V.},
    journal = {Annals of Mathematical Statistics},
    number = {4},
    pages = {986--1005},
    title = {{On a measure of information provided by an experiment}},
    volume = {27},
    year = {1956}
}

@techreport{Settles2010,
author = {Settles, B},
title = {{Active learning literature survey}},
year = {2010}
}

@inproceedings{Golovin2010,
author = {Golovin, Daniel and Krause, Andreas and Ray, Debajyoti},
title = {{Near-optimal bayesian active learning with noisy observations}},
booktitle = {Advances in Neural Information Processing},
year = {2010}
}

@article{Vanlier2012,
author = {Vanlier, J and Tiemann, C A and Hilbers, P A J and van Riel, N A W},
title = {{A Bayesian approach to targeted experiment design}},
journal = {Bioinformatics},
year = {2012},
volume = {28},
number = {8},
pages = {1136--1142},
month = apr
}

@mastersthesis{Huan2010,
author = {Huan, Xun},
title = {{Accelerated Bayesian experimental design for chemical kinetic models}},
school = {Massachusetts Institute of Technology},
year = {2010}
}

@article{Liepe2013,
author = {Liepe, Juliane and Filippi, Sarah and Komorowski, Micha{\l} and Stumpf, Michael P H},
title = {{Maximizing the Information Content of Experiments in Systems Biology}},
journal = {PLoS Computational Biology},
year = {2013},
volume = {9},
number = {1},
pages = {1-13},
month = jan
}

@article{vanDenBerg2003,
author = {van Den Berg, J and Curtis, A},
title = {{Optimal nonlinear Bayesian experimental design: an application to amplitude versus offset experiments}},
journal = {Geophysical Journal International},
year = {2003},
volume = {155},
number = {2},
pages = {411--421}
}